@article{FZMP23,
          title  = {Solving the Forecast Combination Puzzle. [In preparation]},
          author = {David T. Frazier and Ryan Zischke and Gael M. Martin and Donald S. Poskitt},
          year   = {(2023)}
}

@article{ZMFP22,
  title={The Impact of Sampling Variability on Estimated Combinations of Distributional Forecasts},
  author={Zischke, Ryan and Martin, Gael M and Frazier, David T and Poskitt, Donald S},
  journal={arXiv preprint arXiv:2206.02376},
  year={(2022)},
  doi = {https://doi.org/10.48550/arXiv.2206.02376}
}

@article{GA11,
  title={Optimal prediction pools},
  author={Geweke, John and Amisano, Gianni},
  journal={Journal of Econometrics},
  volume={164},
  number={1},
  pages={130--141},
  year={2011},
  publisher={Elsevier},
  doi = {https://doi.org/10.1016/j.jeconom.2011.02.017}
}

@article{BG69,
  title={The combination of forecasts},
  author={Bates, John M and Granger, Clive WJ},
  journal={Journal of the operational research society},
  volume={20},
  number={4},
  pages={451--468},
  year={1969},
  publisher={Taylor \& Francis},
  doi = {https://doi.org/10.1057/jors.1969.103}
}

@article{WHLK22,
  title={Forecast combinations: an over 50-year review},
  author={Wang, Xiaoqian and Hyndman, Rob J and Li, Feng and Kang, Yanfei},
  journal={International Journal of Forecasting},
  year={2022},
  publisher={Elsevier},
  doi = {https://doi.org/10.48550/arXiv.2205.04216}
}

@article{SW04,
  title={Combination forecasts of output growth in a seven-country data set},
  author={Stock, James H and Watson, Mark W},
  journal={Journal of forecasting},
  volume={23},
  number={6},
  pages={405--430},
  year={2004},
  publisher={Wiley Online Library},
  doi = {https://doi.org/10.1002/for.928}
}
 
@online{SP500,
  author = {FRED},
  title = {S\&P500},
  year = 2023,
  url = {https://fred.stlouisfed.org/series/SP500#0},
  urldate = {2023-02-12}
}

@article{HM07,
  title={Combining density forecasts},
  author={Hall, Stephen G and Mitchell, James},
  journal={International Journal of Forecasting},
  volume={23},
  number={1},
  pages={1--13},
  year={2007},
  publisher={Elsevier}
}

@online{fpp3,
  author = {Hyndman, R.J., and Athanasopoulos, G.},
  title = {Forecasting: principles and practice, 3rd edition},
  year = 2021,
  publisher={OTexts: Melbourne, Australia},
  url = {OTexts.com/fpp3},
  urldate = {2023-02-12}
}

@article{C89,
  title={Combining forecasts: A review and annotated bibliography},
  author={Clemen, Robert T},
  journal={International journal of forecasting},
  volume={5},
  number={4},
  pages={559--583},
  year={1989},
  publisher={Elsevier}
}

@article{FTP22,
  title={Forecasting: theory and practice},
  author={Petropoulos, Fotios and Apiletti, Daniele and Assimakopoulos, Vassilios and Babai, Mohamed Zied and Barrow, Devon K and Taieb, Souhaib Ben and Bergmeir, Christoph and Bessa, Ricardo J and Bijak, Jakub and Boylan, John E and others},
  journal={International Journal of Forecasting},
  year={2022},
  publisher={Elsevier}
}

@article{BS16,
  title={When to choose the simple average in forecast combination},
  author={Blanc, Sebastian M and Setzer, Thomas},
  journal={Journal of Business Research},
  volume={69},
  number={10},
  pages={3951--3962},
  year={2016},
  publisher={Elsevier}
}

@book{HKOS08,
  title={Forecasting with exponential smoothing: the state space approach},
  author={Hyndman, Rob and Koehler, Anne B and Ord, J Keith and Snyder, Ralph D},
  year={2008},
  publisher={Springer Science \& Business Media}
}

@misc{SW98,
  title={A comparison of linear and nonlinear univariate models for forecasting macroeconomic time series},
  author={Stock, James H and Watson, Mark W},
  year={1998},
  publisher={National Bureau of Economic Research Cambridge, Mass., USA}
}

@article{SW09,
  title={A simple explanation of the forecast combination puzzle},
  author={Smith, Jeremy and Wallis, Kenneth F},
  journal={Oxford bulletin of economics and statistics},
  volume={71},
  number={3},
  pages={331--355},
  year={2009},
  publisher={Wiley Online Library}
}

@article{MACF82,
  title={The accuracy of extrapolation (time series) methods: Results of a forecasting competition},
  author={Makridakis, Spyros and Andersen, Allan and Carbone, Robert and Fildes, Robert and Hibon, Michele and Lewandowski, Rudolf and Newton, Joseph and Parzen, Emanuel and Winkler, Robert},
  journal={Journal of forecasting},
  volume={1},
  number={2},
  pages={111--153},
  year={1982},
  publisher={Wiley Online Library}
}

@article{MSA18,
  title={The M4 Competition: Results, findings, conclusion and way forward},
  author={Makridakis, Spyros and Spiliotis, Evangelos and Assimakopoulos, Vassilios},
  journal={International Journal of Forecasting},
  volume={34},
  number={4},
  pages={802--808},
  year={2018},
  publisher={Elsevier}
}

@article{MSA20,
  title={The M4 Competition: 100,000 time series and 61 forecasting methods},
  author={Makridakis, Spyros and Spiliotis, Evangelos and Assimakopoulos, Vassilios},
  journal={International Journal of Forecasting},
  volume={36},
  number={1},
  pages={54--74},
  year={2020},
  publisher={Elsevier}
}

@article{W96,
  title={Asymptotic inference about predictive ability},
  author={West, Kenneth D},
  journal={Econometrica: Journal of the Econometric Society},
  pages={1067--1084},
  year={1996},
  publisher={JSTOR}
}

@Article{tidy19,
    title = {Welcome to the {tidyverse}},
    author = {Hadley Wickham and Mara Averick and Jennifer Bryan and Winston Chang and Lucy D'Agostino McGowan and Romain François and Garrett Grolemund and Alex Hayes and Lionel Henry and Jim Hester and Max Kuhn and Thomas Lin Pedersen and Evan Miller and Stephan Milton Bache and Kirill Müller and Jeroen Ooms and David Robinson and Dana Paige Seidel and Vitalie Spinu and Kohske Takahashi and Davis Vaughan and Claus Wilke and Kara Woo and Hiroaki Yutani},
    year = {2019},
    journal = {Journal of Open Source Software},
    volume = {4},
    number = {43},
    pages = {1686},
    doi = {10.21105/joss.01686},
  }


@Manual{dplyr23,
    title = {dplyr: A Grammar of Data Manipulation},
    author = {Hadley Wickham and Romain François and Lionel Henry and Kirill Müller and Davis Vaughan},
    year = {2023},
    note = {R package version 1.1.1},
    url = {https://CRAN.R-project.org/package=dplyr},
  }
  
@Manual{fpp23,
    title = {fpp3: Data for "Forecasting: Principles and Practice" (3rd Edition)},
    author = {Rob Hyndman},
    year = {2023},
    note = {R package version 0.5},
    url = {https://CRAN.R-project.org/package=fpp3},
  }

@article{T06,
  title={Forecast combinations},
  author={Timmermann, Allan},
  journal={Handbook of economic forecasting},
  volume={1},
  pages={135--196},
  year={2006},
  publisher={Elsevier}
}

@article{E11,
  title={Averaging and the optimal combination of forecasts},
  author={Elliott, Graham},
  journal={University of California, San Diego},
  year={2011},
  publisher={Citeseer}
}

@article{CP18,
  title={Some theoretical results on forecast combinations},
  author={Chan, Felix and Pauwels, Laurent L},
  journal={International Journal of Forecasting},
  volume={34},
  number={1},
  pages={64--74},
  year={2018},
  publisher={Elsevier}
}

@article{CMVW16,
  title={The forecast combination puzzle: A simple theoretical explanation},
  author={Claeskens, Gerda and Magnus, Jan R and Vasnev, Andrey L and Wang, Wendun},
  journal={International Journal of Forecasting},
  volume={32},
  number={3},
  pages={754--762},
  year={2016},
  publisher={Elsevier}
}






